@misc{GitHubCFE2025,
	author = {Fred Ogden},
	title = {{G}it{H}ub - {N}{O}{A}{A}-{O}{W}{P}/cfe: {C}{F}{E} is a conceptual rainfall-runoff model with an implementation of the {B}asic {M}odel {I}nterface. --- github.com},
	howpublished = {\url{https://github.com/NOAA-OWP/cfe}},
	year = {},
	note = {[Accessed 22-05-2025]},
}

%________Random Fake Resources_____________%

@article{PlaceHolderSource,
   author = {Aurthor01 CoolLastName and Author02 AnotherLastName and Aurthor03 ALastName},
   doi = {000000000},
   issn = {2000000},
   issue = {1},
   journal = {Place Holder Journal},
   month = {12},
   publisher = {John Inc},
   title = {Place Holder Title for a Fake Journal},
   volume = {11},
   year = {2022}
}

@article{Algorithm01,
   author = {Aurthor01 CoolLastName and Author02 AnotherLastName and Aurthor03 ALastName},
   doi = {000000000},
   issn = {20491573},
   issue = {1},
   journal = {Stat},
   month = {12},
   publisher = {John Wiley and Sons Inc},
   title = {Some title that algorithm 1 comes from},
   volume = {11},
   year = {2022}
}
